@article{Metr_1953,
  author = "N. Metropolis and A. W. Rosenbluth and M. N. Rosenbluth and A. H. Teller and E. Teller",
  title = "Equations of State Calculations by Fast Computing Machines",
  journal = "Journal of Chemical Physics",
  year = "1953",
    volume = "21",
    number = "6",
    pages = "1087-1092"
}

@article{Hast_1970,
  author = "W. K. Hastings",
  title = "Monte {C}arlo Sampling Methods Using {M}arkov Chains and Their Applications",
  journal = "Biometrika",
  year = "1970",
    volume = "57",
    number = "1",
    pages = "97-109"
}

@book{Cox_1961,
  author = {Cox, R. T. },
  title = {The Algebra of Probable Inference},
  publisher = {Johns Hopkins University Press, Baltimore, MD},
  year = 1961,
}


@book{Jaynes_2003,
  author = {Jaynes, E. T. },
  title = {Probability Theory: The Logic of Science},
  publisher = {Cambridge University Press},
  year = 2003,
}

@book{Beck_Cheung_2009,
  author = {Beck, J. L. and Cheung,  S. H. },
  title = {Probability Logic, Model Uncertainty and Robust Predictive System Analysis},
  publisher = {Proc. International Conference on Structural Safety and Reliability, Osaka, Japan, September 2009},
  year      = 2009,
}

@article{Beck_1991,
  author = {Beck, J. L. and Katafygiotis, L. S.},
  title = { Updating of a model and its uncertainties utilizing dynamic test data},
  journal = {Proc. 1st International Conference on Computational Stochastic Mechanics},
  year = 1991,
  pages = {125--136},
}

@article{Beck_1998,
  author = {Beck, J. L. and Katafygiotis, L. S.},
  title = {Updating models and their uncertainties. I: Bayesian statistical framework},
  journal = {ASCE Journal of Engineering Mechanics},
  volume = 124,
  year = 1998,
  pages = {455--461},
}

@article{Cheung_2007C,
  author = {Cheung, S. H. and Beck, J. L.},
  title = {Algorithms for Bayesian model class selection of higher-dimensional dynamic systems},
  journal = {Computers and Information in Engineering Conferences,  Las Vegas, Nevada, USA, September 4-7, 2007},
  year = 2007,
}

@book{Cheung_2009A,
  author = {Cheung, S. H.},
  title = {Stochastic analysis, model and reliability updating of complex systems with applications to structural dynamics. PhD thesis},
  publisher = {Jan 2009, California Institute of Technology.},
  year = 2009,
}

@article{Cheung_2009C,
  author = {Cheung, S. H. and Beck, J. L.},
  title = {New Bayesian Updating Methodology for Model Validation and Robust Predictions of a Target System based on Hierarchical Subsystem Tests.},
  journal = {Computer Methods in Applied Mechanics and Engineering},
  note = {Accepted for publication},
  year = 2009,
}

@article{Beck_2004,
  author = {Beck, J. L.  and Yuen, K. V.},
 title = {Model selection using response measurements: A Bayesian probabilistic approach},
  journal = {ASCE Journal of Engineering Mechanics},
  volume    = 130,
  year      = 2004,
  pages     ={192--203},
}

@book{AsBoTh05,
  author = "Richard C. Aster and Brian Borchers and Cliffor H. Thurder",
  title = "{P}arameter {E}stimation and {I}nverse {P}roblems",
  publisher = "Elsevier Academic Press",
  year = "2005",
    series = "International Geophysics Series",
    volume = "90",
    edition = ""
}

@article{NoTe09,
  author = "F. Nobile and R. Tempone",
  title = "Analysis and implementation issues for the numerical approximation of parabolic equations with random coefficients",
  journal = "International Journal for Numerical Methods in Engineering",
  year = "2009",
    volume = "80",
    number = "6-7",
    pages = "979-1006"
}

@article{NoTeWe08b,
  author = "F. Nobile and R. Tempone and C. G. Webster",
  title = "An anisotropic sparse grid stochastic collocation method for elliptic partial differential equations with random input data",
  journal = "SIAM Journal of Numerical Analysis",
  year = "2008",
    volume = "46",
    number = "5",
    pages = "2411-2442"
}

@article{NoTeWe08a,
  author = "F. Nobile and R. Tempone and C. G. Webster",
  title = "A sparse grid stochastic collocation method for elliptic partial differential equations with random input data",
  journal = "SIAM Journal of Numerical Analysis",
  year = "2008",
    volume = "46",
    number = "5",
    pages = "2309-2345"
}

@article{BaNoTe07a,
  author = "I. Babuska and F. Nobile and R. Tempone",
  title = "{R}eliability of {C}omputational {S}cience",
  journal = "Numerical Methods for Partial Differential Equations",
  year = "2007",
    volume = "23",
    number = "4",
    pages = "753-784"
}

@article{BaNoTe07b,
  author = "I. Babu\v{s}ka and F. Nobile and R. Tempone",
  title = "{A} Stochastic Collocation Method for Elliptic Partial Differential Equations with Random Input Data",
  journal = "SIAM J. Num. Anal.",
  year = "2007",
    volume = "",
    number = "",
    pages = ""
}

@article{BaNoTe08,
  author = "I. Babuska and F. Nobile and R. Tempone",
  title = "{A} systematic approach to model validation based on {B}ayesian updates and prediction related rejection criteria",
  journal = "Comput. Methods Appl. Mech. Engrg.",
  year = "2008",
    volume = "197",
    number = "",
    pages = "2517-2539"
}

@article{BaOd05,
  author = "I. Babuska and J. T. Oden",
  title = "{V}erification and validation in computational engineering and science: basic concepts",
  journal = "Computer Methods in Applied Mechanics and Engineering",
  year = "2005",
    volume = "193",
    number = "36-38",
    pages = "4057-4066"
}

@article{BrRo98,
  author = "Stephen P. Brooks and Gareth O. Roberts",
  title = "{C}onvergence assessment techniques for {M}arkov chain {M}onte {C}arlo",
  journal = "Stat. Comput.",
  year = "1998",
    volume = "8",
    number = "",
    pages = "319-335"
}

@book{CaSo07,
  author = "Daniela Calvetti and Erkki Somersalo",
  title = "{I}ntroduction to {B}ayesian {S}cientific {C}omputing",
  publisher = "Springer",
  year = "2007",
    series = "Surveys and Tutorials in the Applied Mathematical Sciences",
    volume = "2",
    edition = ""
}

@article{ChBe09,
  author = "Sai Hung Cheung and James L. Beck",
  title = "{X}yz",
  journal = "J. ",
  year = "2009",
    volume = "0",
    number = "0",
    pages = "1-15"
}

@article{CoMaCa96,
  author = "J. A. Conesa and R. F. Marcilla and J. A. Caballero",
  title = "{T}hermogravimetric studies on the thermal decomposition of polyethylenes",
  journal = "J. Anal. Appl. Pyrolysis",
  year = "1996",
    volume = "36",
    number = "1",
    pages = "1-15"
}

@book{Du05,
  author = "Rick Durret",
  title = "{P}robability: {T}heory and {E}xamples",
  publisher = "Thomson Brooks/Cole",
  year = "2005",
    series = "Duxbury Advanced Series",
    edition = "Third"
}

@book{GeCa04,
  author = "Andrew Gelman and John B. Carlin and Hal S. Stern and Donald B. Rubin",
  title = "{B}ayesian {D}ata {A}nalysis",
  publisher = "Chapman \& Hall/CRC",
  year = "2004",
    series = "Texts in Statistical Science",
    edition = "Second"
}

@book{GhSp03,
  author = "Roger G. Ghanem and Pol D. Spanos",
  title = "{S}tochastic {F}inite {E}lements, {A} {S}pectral {A}pproach",
  publisher = "Dover Publications",
  year = "2003",
    series = "",
    edition = "",
    note = "Revised edition of the work originally published by Springer-Verlag, New York, Inc. in 1991"
}

@book{Ha98,
  author = "Christian Hansen",
  title = "{R}ank-{D}eficient and {D}iscrete {I}ll-Posed Problems",
  publisher = "SIAM",
  year = "1998",
    series = "",
    edition = ""
}

@article{HaLaMiSa06,
  author = "Heikki Haario and Marko Laine and Antonietta Mira and Eero Saksman",
  title = "{DRAM}: {E}fficient adaptive {MCMC}",
  journal = "Stat. Comput.",
  year = "2006",
    volume = "16",
    number = "",
    pages = "339-354"
}

@book{Hi70,
  author = "David M. Himmelblau",
  title = "{P}rocess {A}nalysis by {S}tatistical {M}ethods",
  publisher = "John Wiley \& Sons, Inc.",
  year = "1970",
    series = "",
    edition = ""
}

@book{HoUr89,
  author = "Colin Howson and Peter Urbach",
  title = "{S}cientific {R}easoning: {T}he {B}ayesian {A}pproach",
  publisher = "Open Court Publishing Company",
  year = "1989",
    series = "",
    edition = ""
}

@book{JaPr04,
  author = "Jean Jacod and Philip Protter",
  title = "{P}robability {E}ssentials",
  publisher = "Springer",
  year = "2004",
    series = "Universitext",
    edition = ""
}

@book{KaSo05,
  author = "Jari Kaipio and Erkki Somersalo",
  title = "Statistical and Computational Inverse Problems",
  publisher = "Springer",
  year = "2005",
    series = "Applied Mathematical Sciences",
    volume = "160"
}

@article{KlNe98,
  author = "George B. Kleindorfer and Liam O'Neill and Ram Ganeshan",
  title = "{V}alidation in {S}imulation: {V}arious {P}ositions in the {P}hilosophy of {S}cience",
  journal = "Management Science",
  year = "1998",
    volume = "44",
    number = "8",
    pages = "1087-1099"
}

@techreport{ObTr07,
  author = "William L. Oberkampf and Timothy G. Trucano",
  title = "{V}erification and {V}alidation {B}enchmarks",
  institution = "Sandia National Laboratories",
  year = "2007",
    number = "SAND2007-0853",
    note = "Unlimited Release"
}

@incollection{OrBe01,
  author = "Naomi Oreskes and Kenneth Belitz",
  title = "{P}hilosophical {I}ssues in {M}odel {A}ssesment",
  booktitle = "Model Validation: Perspectives in Hydrological Science",
  publisher = "John Wiley \& Sons, Ltd.",
  year = "2001",
    editor = "M. G. Anderson and P. D. Bates",
    volume = "",
    number = "",
    pages = "23-41"
}

@book{Po1913,
  author = "Henri Jules Poincar{\'e}",
  title = "{T}he {F}oundations of {S}cience: {S}cience and {H}ypothesis, {T}he {V}alue of {S}cience, {S}cience and {M}ethod",
  publisher = "The Science Press",
  year = "1921",
    note = "Authorized translation by George Bruce Halsted",
    edition = ""
}

@article{PrEtAl09,
  author = "Ernesto E. Prudencio and Sai Hung Cheung and Jeremy Jagodzinski and Andre Maurente and Kenji Miki and Marco Panesi and Serge Prudhomme and Karl Schulz and Chris Simmons",
  title = "On the ({I}n){V}alidation of a {T}hermochemistry {M}odel with {S}hock {T}ube {E}xperiments, {B}ayesian {C}alibrations and {P}arallel {C}omputational {P}redictions",
  journal = "\textup{Submitted to} Computer Methods in Applied Mechanics and Engineering, \textup{also available as ICES TR-xxxx}",
  year = "2009",
    volume = "",
    number = "",
    pages = ""
}

@incollection{PrSc09,
author = {Prudencio, Ernesto E. and Schulz, Karl},
title = {{T}he {P}arallel {C}++ {S}tatistical {L}ibrary `{QUESO}': {Q}uantification of {U}ncertainty for {E}stimation, {S}imulation and {O}ptimization},
booktitle = {Euro-Par 2011: Parallel Processing Workshops},
series = {Lecture Notes in Computer Science},
OPTeditor = {Alexander, Michael and D'Ambra, Pasqua and Belloum, Adam and Bosilca, George and Cannataro, Mario and Danelutto, Marco and Di Martino, Beniamino and Gerndt, Michael and Jeannot, Emmanuel and Namyst, Raymond and Roman, Jean and Scott, Stephen and Traff, Jesper and Vall{\'e}e, Geoffroy and Weidendorfer, Josef},
publisher = {Springer Berlin / Heidelberg},
OPTisbn = {978-3-642-29736-6},
OPTkeyword = {Computer Science},
pages = {398-407},
volume = {7155},
OPTurl = {http://dx.doi.org/10.1007/978-3-642-29737-3\_44},
OPTnote = {10.1007/978-3-642-29737-3\_44},
year = {2012}
}


@article{ChOlPr10,
  author = "Sai Hung Cheung and Todd A. Oliver and Ernesto E. Prudencio and Serge Prudhomme and Robert D. Moser",
  title = "{B}ayesian Uncertainty Analysis with Applications to Turbulence Modeling",
  journal = "Reliability Engineering \& System Safety",
  year = "accepted, 2010",
    volume = "",
    number = "",
    pages = ""
}

@article{Hoeting_1999,
  author  = "Hoeting, J. A.  and Madigan, D. and Raftery,  A. E. and  Volinsky,  C. T. ",
  title   = "Bayesian model averaging: a tutorial (with discussion)",
  journal = "Statistical Science",
  year    = "1999",
  volume  = "14",
  pages   = "382-417"
}

@article{Raftery_1997,
  author  = "Raftery, A. E. and Madigan, D. and Hoeting,  J. A." ,
  title   = "Bayesian model averaging for linear regression models",
  journal = "Journal of the American Statistical Association",
    volume = "92",
    pages  = "179--191",
    year   = "1997"
}

@article{ChPr10,
  author = "Sai Hung Cheung and Ernesto E. Prudencio",
  title = "{P}arallel {M}ulti {L}evel {A}lgorithms for {S}ampling {M}ultimodal {D}istributions",
  journal = "In preparation",
  year = "2010",
    volume = "",
    number = "",
    pages = ""
}

@book{Ro04,
  author = "Christian Robert",
  title = "{T}he {B}ayesian Choice",
  publisher = "Springer Verlag",
  year = "2004",
    series = "",
    edition = "Second"
}

@book{RoCa04,
  author = "Christian P. Robert and George Casella",
  title = "{M}onte {C}arlo {S}tatistical {M}ethods",
  publisher = "Springer Verlag",
  year = "2005",
    series = "",
    edition = "Second"
}

@book{Ro96,
  author = "Sheldon M. Ross",
  title = "{S}tochastic {P}rocesses",
  publisher = "John Wiley \& Sons, Inc.",
  year = "1996",
    series = "Wiley Series in Probability and Mathematical Statistics",
    edition = "Second"
}

@misc{So96,
  author = "Alan D. Sokal",
  title = "{M}onte {C}arlo {M}ethods in {S}tatistical {M}echanics: {F}oundations and {N}ew {A}lgorithms",
  howpublished = "Lectures at the Carg{\`{e}}se Summer School on ``Functional Integration: Basics and Applications{"}",
  year = "September 1996"
}

@book{Ta05,
  author = "Albert Tarantola",
  title = "Inverse Problem Theory",
  publisher = "SIAM",
  year = "2005",
    series = "",
    volume = ""
}

@book{Vo02,
  author = "Curtis R. Vogel",
  title = "{C}omputational {M}ethods for {I}nverse {P}roblems",
  publisher = "SIAM",
  year = "2002",
    series = "",
    edition = ""
}

@book{Wa63,
  author = "Marshall Walker",
  title = "{T}he {N}ature of {S}cientific {T}hought",
  publisher = "Prentice-Hall Inc.",
  year = "1963",
    series = "",
    edition = ""
}

@misc{Boost,
  author = "Boost Community",
  title = "{B}oost {C}++ {L}ibraries",
  howpublished = "http://www.boost.org/",
  year = "1998-2009"
}

@misc{Dakota,
  author = "Michael S. {Eldred et al.}",
  title = "{DAKOTA}, {A} {M}ultilevel {P}arallel {O}bject-{O}riented {F}ramework for {D}esign {O}ptimization, {P}arameter {E}stimation, {U}ncertainty {Q}uantification, and {S}ensitivity {A}nalysis",
  howpublished = "http://www.cs.sandia.gov/DAKOTA/",
  year = "1994-2009"
}

@misc{Doxygen,
  author = "John Doe1",
  title = "Doxygen",
  howpublished = "http://www.doxygen.org/",
  year = "2009"
}

@misc{Gsl,
  author = "Mark {Galassi et al.}",
  title = "{GNU} {S}cientific {L}ibrary",
  howpublished = "http://www.gnu.org/software/gsl/",
  year = "1996-2009"
}

@Misc{GLPK,
 author = {Andrew Makhorin},
 title = {{GNU} {S}cientific {L}ibrary},
 howpublished = {http://www.gnu.org/software/gsl/},
 OPTurl = {},
 address = {Department for Applied Informatics, Moscow Aviation Institute, Moscow, Russia.}
 }

@misc{grvy,
  author = "GRVY Development Team",
  title = "The Groovy Toolkit (GRVY) ",
  howpublished = "https://red.ices.utexas.edu/projects/software/wiki/GRVY",
  year = "1996-2009",
}

@misc{HDF5,
  author = "The HDF Group",
  title = "{HDF5} ({H}ierarchical {D}ata {F}ormat 5) ",
  howpublished = "http://www.hdfgroup.org/HDF5/",
  year = "2000--2010",
}



@misc{Ices,
  author = "ICES",
  title = "Institute for Computational Engineering and Sciences",
  howpublished = "http://www.ices.utexas.edu",
  year = "2009"
}

@misc{Mcmctool,
  author = "Marko Laine",
  title = "{MCMC} {T}oolbox for {M}atlab",
  howpublished = "http://www.helsinki.fi/$\sim$mjlaine/mcmc/index. html",
  year = "2006-2008"
}

@misc{Mpi,
  author = "John Doe2",
  title = "Message Passing Interface",
  howpublished = "http://www.mcs.anl.gov/mpi/",
  year = "2009"
}

@misc{Mpich,
  author = "Mpich",
  title = "Message Passing Interface",
  howpublished = "http://www.mcs.anl.gov/mpi/",
  year = "2009"
}

@misc{Openmpi,
  author = "Openmpi",
  title = "Message Passing Interface",
  howpublished = "http://www.mcs.anl.gov/mpi/",
  year = "2009"
}

@misc{Pecos,
  author = "PECOS",
  title = "Center for Predictive Engineering and Computational Sciences",
  howpublished = "http://www.ices.utexas. edu/centers/pecos",
  year = "2008"
}

@misc{Petsc,
  author = "Barry Smith",
  title = "{PETS}c",
  howpublished = "http://www.mcs.anl.gov/petsc/",
  year = "2009"
}

@misc{Psaap,
  author = "PSAAP",
  title = "Predictive Science Academic Alliance Program of {NNSA/DOE}",
  howpublished = "http://www.psaap.org/",
  year = "2008"
}

@misc{SISO,
  author = "Simulation Interoperability Standards Organization",
  title = "{SISO}",
  howpublished = "http://www.sisostds.org/",
  year = "1989-2009"
}
@Misc{STL,
 author ={{STL} development Team},
 title = {Standard Template Library},
 howpublished = {http://www.sgi.com/tech/stl/},
 year = {2000},
 
}


@misc{Tacc,
  author = "TACC",
  title = "Texas Advanced Computing Center",
  howpublished = "http://www.tacc.utexas.edu/",
  year = "2008"
}

@misc{Trilinos,
  author = "Michael Heroux",
  title = "Trilinos",
  howpublished = "http://www.trilinos.gov/",
  year = "2009"
}

%-----------------------------------------------------------------------------%
%Bibliographical information on shock tube validation data%
%-----------------------------------------------------------------------------%

@InProceedings{johnstonReno,
  author    = "{C}. Johnston",
  title     = "A Comparison of the East Shock-Tube Data with a New Air Radiation Model",
  journal   = "46th AIAA Aerospace Sciences Meeting and Exhibit", 
  booktitle = "AIAA",
  year      = "2008", 
  address   = "{Reno, Nevada}",
  month     = "{January}",
  pages     = "AIAA 2008-1245"
}

@InProceedings{boseReno,
  author    = "Bose, D. and McCorkle, E. and  Thompson, C. and Bogdanoff, D. and Prabhu, D. and Allen, G. and Grinstead, J.",
  title     = "Analysis and Model Validation of Shock Layer Radiation in Air",
  journal   = "46th AIAA Aerospace Sciences Meeting and Exhibit", 
  booktitle = "AIAA",
  year      = "2008", 
  address   = "{Reno, Nevada}",
  month     = "{January}",
  pages     = "2008-1246"
}

@techreport{NEQAIR_CN_Radiation_Modeling,
  author = "{Deepak Bose and Michael Wright and David Bogdanoff and George Raiche and Gary Allen}",
  title  = "{Modeling and Experimental Validation of CN Radiation Behind a Strong Shock Wave}",
  institution = "{AIAA}",
  type   = "{AIAA Paper}",
  number = "{2005--768}",
  year   = "2005"
}

@InProceedings{EAST_Shock_Heated_Air_Measurements_at_Lunar_Return_Conditions,
  author = "{Jay Grinstead and Michael Wilder and Jospeh Olejinczak and David Bogdanoff and Gary Allen and Kim Dang and Michael Forrest}",
  title  = "{Shock-Heated Air Measurements at Lunar Return Conditions}",
  booktitle = "{AIAA}",
  type   = "{AIAA Paper}",
  pages  = "{2008--1244}",
  year   = "2008"
}

@techreport{EAST_Phase_I_and_II_Test_Report,
  author = "{Jay Grinstead and Joseph Olejniczak and David Bogdanoff and Gary Allen and Randy Lillard}",
  title  = "{Shock Heated Air at Lunar Return  Conditions: EAST Test Report}",
  institution = "{NASA}",
  type   = "{NASA TR}",
  number = "{EG-CAP-08-184}",
  year   = "2008"
}

@techreport{NASA_margins_policy,
  author = "{Michael Wright}",
  title  = "{CEV Thermal Protection System (TPS) Margin Management Plan}",
  institution = "{NASA Ames Research Center}",
  type   = "{NASA TR}",
  number = "{C-TPSA-A-DOC-7005}",
  month = "{October}",
  year   = "2008",
  revision = "{(2.0)}"
}

@Misc{Radiation_TIM_Oct_2008,
  author = 	 "{Deepak Bose and Dave Bogdanoff and Evan McCorkle}",
  title = 	 "{EAST Data Analysis, Model Validation, and Uncertainties Part I: Visible \& IR}",
  howpublished = "{Unpublished presentation}",
  month = 	 "{October}",
  year = 	 "2008",
  note =         "{Presentation slides from radiation TIM}"
}

@article{Park_1993,
  author    = "{Park, C.}",
  year      = "1993",
  title     = "{Review of Chemical-Kinetic Problems of Future NASA Missions, I: Earth Entries}",
  journal   = "{Journal of Thermodynamics and Heat Transfer}",
  volume    = 7,
  pages     = "{385--398}"
}

@article{Laux_Plasma_Torch_Journal_Article,
  author  = "{C. O. Laux and T. G. Spence and C. H. Kruger and R. N. Zare}",
  title   = "{Optical diagnostics of atmospheric pressure air plasmas}",
  journal = "{Plasma Sources Sci. Technol.}",
  year    = "2003",
  volume  = 12,
  pages   = "{125--138}"
}

@article{Magin_2006,
  author    = "{Margin, T. E. and Caillault. L. and Bourdon, A. and Laux, C. O}",
  year      = "2006",
  title     = "{Nonequilibrium radiative heat flux modeling for the Huygens entry probe}",
  journal   = "{Journal of Geophysical Research}",
  volume    = 111,
  pages     = "{E07S12}",
  note      = "{doi:10.1029/2005JE002616}"
}

@article{Marco_2009,
  author    = "{Panesi., M. and Margin, T. E. and Bourdon, A. and Bultel, A. and Chazot, O.}",
  year      = "2009",
  title     = "{Fire 2 Flight Experiment Analysis by Means of a Collisional-radiative Model}",
  journal   = "{Journal of Thermophysics and Heat Transfer}",
  volume    = 23,
  pages     = "{236--248}"
}

@Book{Park_1989,
  year      = "1989",
  author    =  "{Park, C.}",
  title     =  "{Nonequilibrium Hypersonic Aerothermodynamics}",
  publisher =  "{Wiley, Hoboken, NJ}"
}

@book{Zeldovich_1966,
  author = "{Zeldovich, Y.B. and Raizer, Y. P.}",
  title = "{Physics of Shock Waves and High-Temperature Hydrodynamics Phenomena}",
  publisher = "{Academic Press, New York, NY.}",
  year = "1966"
}

@book{Griem_1974,
  author = "{Griem, H. R.}",
  title = "{Spectral line Broadening by Plasmas}",
  publisher = "{Academic Press, New York, NY.}",
  year = "1974"
}

@book{Hartung_1994,
  author = "{Hartung, L. C.}",
  title = "{Predicting Radiative Heat Transfer in Thermochemical Nonequilibirum Flow Fields}",
  publisher = "{NASA TM-4564}",
  year = "1994"
}

@book{Howell_2002,
  author = "{Siegel, R. and Howell, J.}",
  title = "{Thermal Radiation Heat Transfer}",
  edition = "{4th}",
  publisher = "{Taylor and Francis}",
  year = "2002"
}


%-----------------------------------------------------------------------------%
% Bibliographical information on turb model and turb calibration data         %
%-----------------------------------------------------------------------------%

@techreport{SA_1992_1eqn_model,
  author      = {P.~R.~Spalart and S.~R.~Allmaras},
  title       = {A one-equation turbulence model for aerodynamic flows},
  institution = {AIAA},
  type        = {AIAA Paper},
  number      = {92-439},
  year        = {1992},
}

@article{SA_1994_1eqn_model,
  author    = {P.~R.~Spalart and S.~R.~Allmaras},
  year      = {1994},
  title     = {A one-equation turbulence model for aerodynamic flows},
  journal   = {La Recherche A{\'e}rospatiale},
  volume    = {1},
  pages     = {5--32},
}

@conference{Nagib_2004_High_Re_Turb_BL,
  author    = {H.~M.~Nagib and C.~Christophorou and P.~A.~Monkewitz},
  title     = {High {R}eynolds Number Turbulent Boundary Layers Subjected to Various Pressure Gradients},
  booktitle = {{IUTAM} Symposium on One Hundred Years of Boundary Layer Research},
  month     = {August},
  year      = {2004},
}

@article{Osterlund_2000_Note_On_Overlap_Region,
  author  = {J.~M.~{\"O}sterlund and A.~V.~Johansson and H.~M.~Nagib and M.~H.~Hites},
  title   = {A Note on the Overlap Region in Turbulent Boundary Layers},
  journal = {Physics of Fluids},
  volume  = {12},
  number  = {1},
  year    = {2000},
}

@misc{OpenFOAM,
  author = "OpenCFD, Ltd.",
  title = "OpenFOAM: The open source {CFD} toolbox",
  howpublished = "https://www.openfoam.com",
  year = ""
}

@misc{OpenFOAM_UserGuide,
  author = "OpenCFD, Ltd.",
  title = "OpenFOAM User Guide",
  howpublished = "https://www.openfoam.com/docs/user",
  year = "2009"
}

@article{kennedy_ohagan_2000,
  author = "M. Kennedy and A. O'Hagan",
  title = "",
  journal = "",
  year = "2000",
    volume = "",
    number = "",
    pages = ""
}

@article{kennedy_ohagan_2001,
  author = "M. Kennedy and A. O'Hagan",
  title = "",
  journal = "",
  year = "2001",
    volume = "",
    number = "",
    pages = ""
}

@book{Pilato_subversion,
  author = {Pilato, C. and Collins-Sussman, B. and Fitzpatrick, B.},
  title = {Version Control with Subversion, Second Edition},
  publisher = {O'Reilly Media},
  year = 2008,
}
