@book{AsBoTh05,
  author = "Richard C. Aster and Brian Borchers and Cliffor H. Thurder",
  title = "{P}arameter {E}stimation and {I}nverse {P}roblems",
  publisher = "Elsevier Academic Press",
  year = "2005",
    series = "International Geophysics Series",
    volume = "90",
    edition = ""
}

@article{HaLaMiSa06,
  author = "Heikki Haario and Marko Laine and Antonietta Mira and Eero Saksman",
  title = "{DRAM}: {E}fficient adaptive {MCMC}",
  journal = "Stat. Comput.",
  year = "2006",
    volume = "16",
    number = "",
    pages = "339-354"
}

@book{KaSo05,
  author = "Jari Kaipio and Erkki Somersalo",
  title = "Statistical and Computational Inverse Problems",
  publisher = "Springer",
  year = "2005",
    series = "Applied Mathematical Sciences",
    volume = "160"
}

@misc{gsl,
  author = "Mark {Galassi et al.}",
  title = "{GNU} {S}cientific {L}ibrary",
  howpublished = "http://www.gnu.org/software/gsl/",
  year = "1996-2007"
}

@misc{mcmctool,
  author = "Marko Laine",
  title = "{MCMC} {T}oolbox for {M}atlab",
  howpublished = "http://www.helsinki.fi/$\sim$mjlaine/mcmc/index. html",
  year = "2006-2008"
}

@misc{boost,
  author = "Boost Community",
  title = "{B}oost {C}++ {L}ibraries",
  howpublished = "http://www.boost.org/",
  year = "1998-2008"
}

@misc{dakota,
  author = "Michael S. {Eldred et al.}",
  title = "{DAKOTA}, {A} {M}ultilevel {P}arallel {O}bject-{O}riented {F}ramework for {D}esign {O}ptimization, {P}arameter {E}stimation, {U}ncertainty {Q}uantification, and {S}ensitivity {A}nalysis",
  howpublished = "http://www.cs.sandia.gov/DAKOTA/",
  year = "1994-2008"
}

@book{Du05,
  author = "Rick Durret",
  title = "{P}robability: {T}heory and {E}xamples",
  publisher = "Thomson Brooks/Cole",
  year = "2005",
    series = "Duxbury Advanced Series",
    edition = "Third"
}

@book{Ro96,
  author = "Sheldon M. Ross",
  title = "{S}tochastic {P}rocesses",
  publisher = "John Wiley \& Sons, Inc.",
  year = "1996",
    series = "Wiley Series in Probability and Mathematical Statistics",
    edition = "Second"
}

@book{JaPr04,
  author = "Jean Jacod and Philip Protter",
  title = "{P}robability {E}ssentials",
  publisher = "Springer",
  year = "2004",
    series = "Universitext",
    edition = ""
}

@article{BrRo98,
  author = "Stephen P. Brooks and Gareth O. Roberts",
  title = "{C}onvergence assessment techniques for {M}arkov chain {M}onte {C}arlo",
  journal = "Stat. Comput.",
  year = "1998",
    volume = "8",
    number = "",
    pages = "319-335"
}

@misc{So96,
  author = "Alan D. Sokal",
  title = "{M}onte {C}arlo {M}ethods in {S}tatistical {M}echanics: {F}oundations and {N}ew {A}lgorithms",
  howpublished = "Lectures at the Carg{\`{e}}se Summer School on ``Functional Integration: Basics and Applications{"}",
  year = "September 1996"
}

@book{Hi70,
  author = "David M. Himmelblau",
  title = "{P}rocess {A}nalysis by {S}tatistical {M}ethods",
  publisher = "John Wiley \& Sons, Inc.",
  year = "1970",
    series = "",
    edition = ""
}
