@article{HaLaMiSa06,
  author = "Heikki Haario and Marko Laine and Antonietta Mira and Eero Saksman",
  title = "{DRAM}: {E}fficient adaptive {MCMC}",
  journal = "Stat. Comput.",
  year = "2006",
    volume = "16",
    number = "",
    pages = "339-354"
}

@book{KaSo05,
  author = "Jari Kaipio and Erkki Somersalo",
  title = "Statistical and Computational Inverse Problems",
  publisher = "Springer",
  year = "2005",
    series = "Applied Mathematical Sciences",
    volume = 160
}

@misc{gsl,
  author = "Mark Galassi et al.",
  title = "{GNU} {S}cientific {L}ibrary",
  howpublished = "http://www.gnu.org/software/gsl/",
  year = "1996-2007"
}

@misc{mcmctool,
  author = "Marko Laine",
  title = "{MCMC} {T}oolbox for {M}atlab",
  howpublished = "http://www.helsinki.fi/~mjlaine/mcmc/index.html",
  year = "2006-2008"
}

@misc{boost,
  author = "Boost Community",
  title = "{B}oost {C}++ {L}ibraries",
  howpublished = "http://www.boost.org/",
  year = "1998-2008"
}

@misc{dakota,
  author = "Michael S. Eldred et al.",
  title = "{DAKOTA}, {A} {M}ultilevel {P}arallel {O}bject-{O}riented {F}ramework for {D}esign {O}ptimization, {P}arameter {E}stimation, {U}ncertainty {Q}uantification, and {S}ensitivity {A}nalysis",
  howpublished = "http://www.cs.sandia.gov/DAKOTA/",
  year = "1994-2008"
}
